@online{djangodocs:1.7,
    author = {Django Software Foundation},
    title = {Django 1.7 Documentation},
    url = {https://docs.djangoproject.com/en/1.7/}
}
